@article{@Bogenschutz_Krueger13,
author = {Bogenschutz, Peter A. and Krueger, Steven K.},
title = {A simplified PDF parameterization of subgrid-scale clouds and turbulence for cloud-resolving models},
journal = {Journal of Advances in Modeling Earth Systems},
volume = {5},
number = {2},
pages = {195-211},
keywords = {cloud parameterization, turbulence, boundary layer clouds},
doi = {https://doi.org/10.1002/jame.20018},
url = {https://agupubs.onlinelibrary.wiley.com/doi/abs/10.1002/jame.20018},
eprint = {https://agupubs.onlinelibrary.wiley.com/doi/pdf/10.1002/jame.20018},
year = {2013}
}

@Article{Bradley_et22,
AUTHOR = {Bradley, A. M. and Bosler, P. A. and Guba, O.},
TITLE = {Islet: interpolation semi-Lagrangian element-based transport},
JOURNAL = {Geoscientific Model Development},
VOLUME = {15},
YEAR = {2022},
NUMBER = {16},
PAGES = {6285--6310},
URL = {https://gmd.copernicus.org/articles/15/6285/2022/},
DOI = {10.5194/gmd-15-6285-2022}
}

@article{Caldwell_et21,
author = {Caldwell, P. M. and Terai, C. R. and Hillman, B. and Keen, N. D. and Bogenschutz, P. and Lin, W. and Beydoun, H. and Taylor, M. and Bertagna, L. and Bradley, A. M. and Clevenger, T. C. and Donahue, A. S. and Eldred, C. and Foucar, J. and Golaz, J.-C. and Guba, O. and Jacob, R. and Johnson, J. and Krishna, J. and Liu, W. and Pressel, K. and Salinger, A. G. and Singh, B. and Steyer, A. and Ullrich, P. and Wu, D. and Yuan, X. and Shpund, J. and Ma, H.-Y. and Zender, C. S.},
title = {Convection-Permitting Simulations With the E3SM Global Atmosphere Model},
journal = {Journal of Advances in Modeling Earth Systems},
volume = {13},
number = {11},
pages = {e2021MS002544},
keywords = {cloud resolving model, storm resolving model, general circulation model, convection permitting model, E3SM},
doi = {https://doi.org/10.1029/2021MS002544},
url = {https://agupubs.onlinelibrary.wiley.com/doi/abs/10.1029/2021MS002544},
eprint = {https://agupubs.onlinelibrary.wiley.com/doi/pdf/10.1029/2021MS002544},
note = {e2021MS002544 2021MS002544},
year = {2021}
}

@article{Hannah_et21,
author = {Hannah, Walter M. and Bradley, Andrew M. and Guba, Oksana and Tang, Qi and Golaz, Jean-Christophe and Wolfe, Jon},
title = {Separating Physics and Dynamics Grids for Improved Computational Efficiency in Spectral Element Earth System Models},
journal = {Journal of Advances in Modeling Earth Systems},
volume = {13},
number = {7},
pages = {e2020MS002419},
keywords = {computational efficiency, E3SM, effective resolution, grid remap methods},
doi = {https://doi.org/10.1029/2020MS002419},
url = {https://agupubs.onlinelibrary.wiley.com/doi/abs/10.1029/2020MS002419},
eprint = {https://agupubs.onlinelibrary.wiley.com/doi/pdf/10.1029/2020MS002419},
note = {e2020MS002419 2020MS002419},
year = {2021}
}

@article {Morrison_Milbrandt15,
      author = "Hugh Morrison and Jason A. Milbrandt",
      title = "Parameterization of Cloud Microphysics Based on the Prediction of Bulk Ice Particle Properties. Part I: Scheme Description and Idealized Tests",
      journal = "Journal of the Atmospheric Sciences",
      year = "2015",
      publisher = "American Meteorological Society",
      address = "Boston MA, USA",
      volume = "72",
      number = "1",
      doi = "10.1175/JAS-D-14-0065.1",
      pages=      "287 - 311",
      url = "https://journals.ametsoc.org/view/journals/atsc/72/1/jas-d-14-0065.1.xml"
}

@article{Pincus_et19,
author = {Pincus, Robert and Mlawer, Eli J. and Delamere, Jennifer S.},
title = {Balancing Accuracy, Efficiency, and Flexibility in Radiation Calculations for Dynamical Models},
journal = {Journal of Advances in Modeling Earth Systems},
volume = {11},
number = {10},
pages = {3074-3089},
keywords = {radiation, atmospheric model, parameterization},
doi = {https://doi.org/10.1029/2019MS001621},
url = {https://agupubs.onlinelibrary.wiley.com/doi/abs/10.1029/2019MS001621},
eprint = {https://agupubs.onlinelibrary.wiley.com/doi/pdf/10.1029/2019MS001621},
year = {2019}
}

@article{Taylor_et20,
author = {Taylor, Mark A. and Guba, Oksana and Steyer, Andrew and Ullrich, Paul A. and Hall, David M. and Eldred, Christopher},
title = {An Energy Consistent Discretization of the Nonhydrostatic Equations in Primitive Variables},
journal = {Journal of Advances in Modeling Earth Systems},
volume = {12},
number = {1},
pages = {e2019MS001783},
keywords = {nonhydrostatic, hamiltonian, dynamical core, energy conservation, mimetic},
doi = {https://doi.org/10.1029/2019MS001783},
url = {https://agupubs.onlinelibrary.wiley.com/doi/abs/10.1029/2019MS001783},
eprint = {https://agupubs.onlinelibrary.wiley.com/doi/pdf/10.1029/2019MS001783},
note = {e2019MS001783 10.1029/2019MS001783},
year = {2020}
}
