@techreport{Trenberth_et93,
    author = "Trenberth, K. E. and J. C. Berry, J. C. and L. E. Buja", 
    title = "Vertical Interpolation and Truncation of Model-coordinate Data",
    type = "{NCAR Technical Note}",
    number = "{TN-396+STR}", 
    institution = "{NCAR}",
    address={Boulder CO, USA},
    year = "1993",
    doi = {10.5065/D6HX19NH}
}
